@book{cengel2013ebook,
  title={Fluid mechanics fundamentals and applications (SI units)},
  author={Cengel, Yunus and Cimbala, John},
  year={2013},
  publisher={McGraw Hill}
}

@book{moran2010fundamentals,
  title={Fundamentals of engineering thermodynamics},
  author={Moran, Michael J and Shapiro, Howard N and Boettner, Daisie D and Bailey, Margaret B},
  year={2010},
  publisher={John Wiley \& Sons}
}
@book{white2011fluid,
  title={Fluid mechanics},
  author={White, Frank M},
  year={1983},
  publisher={McGraw-hill New York}
}

@misc{hornoRotatorio,
        author = {Mendoza Geney Libardo Enrique},
        title = {Pirólisis de biosólidos en horno rotatorio},
        year = {2016-08-09},
        url = {https://repositorio.unal.edu.co/handle/unal/58938}
        }

@misc{etde_20278019,
  title = {Experimental study on the emissivity of stainless steel},
  author = {Nam, H Y and Lee, K Y and Kim, J M and Choi, S K and Park, J H and Choi, I K},
  place = {Korea, Republic of},
  year = {2001},
  month = {May}
}

@book{combustionEngine,
  title={Internal combustion engine fundamentals},
  author={Heywood, John},
  year={2018},
  publisher={McGraw-Hill Education}
}

@article{cdREduction,
    author = {Mustapha Hammache and Mark Michaelian and Fred Browand},
    title ={Aerodynamic Forces on Truck Models, Including Two Trucks in Tandem} ,
    journal = {California PATH Program, Institute of Transportation Studies, University of California, Berkeley},
    year = {2001}
}

@book{Potencia,
    author = {J. Y. Wong},
    title = {Theory of Ground Vehicules},
    publisher = {Carleton University} ,
    year = {2001}
}

@article{rodamiento,
  author    = {Kenneth Holmberg and Peter Andersson and Nils-Olof Nylund and Kari Mäkelä and Ali Erdemir},
  title     = {Global energy consumption due to friction in trucks and buses},
  journal   = {Tribology International},
  volume    = {78},
  pages     = {94--114},
  year      = {2014},
  publisher = {Elsevier},
  doi       = {10.1016/j.triboint.2014.05.004}
}

@misc{VolvoDragCoefficient,
  author = {Volvo Trucks},
  title  = {Drag Coefficient (CD)},
  url    = {https://vbi.truck.volvo.com/portal/perfman/020_terminology/drag_coefficient_%28cd%29.htm},
  note   = {Accessed: 2025-05-13}
}

@misc{AreaFrontal,
    author = {Scania Trucks}, 
    Title = {Scania T112 h4 x2},
    url = {https://camionargentino.blogspot.com/2012/08/scania-t-112-h-4x2.html},
    note   = {Accessed: 2025-05-13}
}

@mastersthesis{Aeroreduct,
    author = {Antonio Castillo and Alex Tenicota and Stalin Nuela},
    title = {Comportamiento aerodinámico en la reducción del arrastre mediante la variación de accesorios en un tractocamión},
    school = {3C Tecnología},
    year = {2020}
}

@misc{pulsoGauss,
  author = {Mark S. Nixon},
  title = {Gaussian Filtering},
  year = {2002},
  url = {https://www.southampton.ac.uk/~msn/book/new_demo/gaussian/},
  note = {Accessed: 2025-05-8}
}

@article{aero,
    author = {Liang, X. and Gao, X. and Gu, T. and Jia, X},
    title = {Aerodynamic Drag Coefficient Analysis of Heavy-Duty Vehicle Platoons: A Hybrid Approach Integrating Wind Tunnel Experiments and CFD Simulations},
    journal = {Energies 2024},
    year = {2024}
}